%YAML 1.1
%TAG !u! tag:unity3d.com,2011:
--- !u!29 &1
SceneSettings:
  m_ObjectHideFlags: 0
  m_PVSData: 
  m_PVSObjectsArray: []
  m_PVSPortalsArray: []
  m_OcclusionBakeSettings:
    smallestOccluder: 5
    smallestHole: 0.25
    backfaceThreshold: 100
--- !u!104 &2
RenderSettings:
  m_ObjectHideFlags: 0
  serializedVersion: 7
  m_Fog: 0
  m_FogColor: {r: 0.5, g: 0.5, b: 0.5, a: 1}
  m_FogMode: 3
  m_FogDensity: 0.01
  m_LinearFogStart: 0
  m_LinearFogEnd: 300
  m_AmbientSkyColor: {r: 0.212, g: 0.227, b: 0.259, a: 1}
  m_AmbientEquatorColor: {r: 0.114, g: 0.125, b: 0.133, a: 1}
  m_AmbientGroundColor: {r: 0.047, g: 0.043, b: 0.035, a: 1}
  m_AmbientIntensity: 1
  m_AmbientMode: 0
  m_SkyboxMaterial: {fileID: 10304, guid: 0000000000000000f000000000000000, type: 0}
  m_HaloStrength: 0.5
  m_FlareStrength: 1
  m_FlareFadeSpeed: 3
  m_HaloTexture: {fileID: 0}
  m_SpotCookie: {fileID: 10001, guid: 0000000000000000e000000000000000, type: 0}
  m_DefaultReflectionMode: 0
  m_DefaultReflectionResolution: 128
  m_ReflectionBounces: 1
  m_ReflectionIntensity: 1
  m_CustomReflection: {fileID: 0}
  m_Sun: {fileID: 0}
  m_IndirectSpecularColor: {r: 0.44692492, g: 0.4967869, b: 0.57508546, a: 1}
--- !u!157 &3
LightmapSettings:
  m_ObjectHideFlags: 0
  serializedVersion: 7
  m_GIWorkflowMode: 0
  m_GISettings:
    serializedVersion: 2
    m_BounceScale: 1
    m_IndirectOutputScale: 1
    m_AlbedoBoost: 1
    m_TemporalCoherenceThreshold: 1
    m_EnvironmentLightingMode: 0
    m_EnableBakedLightmaps: 1
    m_EnableRealtimeLightmaps: 1
  m_LightmapEditorSettings:
    serializedVersion: 4
    m_Resolution: 2
    m_BakeResolution: 40
    m_TextureWidth: 1024
    m_TextureHeight: 1024
    m_AO: 0
    m_AOMaxDistance: 1
    m_CompAOExponent: 0
    m_CompAOExponentDirect: 0
    m_Padding: 2
    m_LightmapParameters: {fileID: 0}
    m_LightmapsBakeMode: 1
    m_TextureCompression: 1
    m_DirectLightInLightProbes: 1
    m_FinalGather: 0
    m_FinalGatherFiltering: 1
    m_FinalGatherRayCount: 1024
    m_ReflectionCompression: 2
  m_LightingDataAsset: {fileID: 0}
  m_RuntimeCPUUsage: 25
--- !u!196 &4
NavMeshSettings:
  serializedVersion: 2
  m_ObjectHideFlags: 0
  m_BuildSettings:
    serializedVersion: 2
    agentRadius: 0.5
    agentHeight: 2
    agentSlope: 45
    agentClimb: 0.4
    ledgeDropHeight: 0
    maxJumpAcrossDistance: 0
    accuratePlacement: 0
    minRegionArea: 2
    cellSize: 0.16666667
    manualCellSize: 0
  m_NavMeshData: {fileID: 0}
--- !u!1 &57160503
GameObject:
  m_ObjectHideFlags: 0
  m_PrefabParentObject: {fileID: 100002, guid: b8b03d395f5734e98af91ccf44f9bf47, type: 2}
  m_PrefabInternal: {fileID: 0}
  serializedVersion: 4
  m_Component:
  - 4: {fileID: 57160504}
  - 20: {fileID: 57160507}
  - 124: {fileID: 57160506}
  - 114: {fileID: 57160505}
  m_Layer: 0
  m_Name: Main Camera Left
  m_TagString: Untagged
  m_Icon: {fileID: 0}
  m_NavMeshLayer: 0
  m_StaticEditorFlags: 0
  m_IsActive: 1
--- !u!4 &57160504
Transform:
  m_ObjectHideFlags: 0
  m_PrefabParentObject: {fileID: 400002, guid: b8b03d395f5734e98af91ccf44f9bf47, type: 2}
  m_PrefabInternal: {fileID: 0}
  m_GameObject: {fileID: 57160503}
  m_LocalRotation: {x: 0, y: 0, z: 0, w: 1}
  m_LocalPosition: {x: -0.03, y: -0, z: -0}
  m_LocalScale: {x: 1, y: 1, z: 1}
  m_LocalEulerAnglesHint: {x: 0, y: 0, z: 0}
  m_Children: []
  m_Father: {fileID: 2116891822}
  m_RootOrder: 0
--- !u!114 &57160505
MonoBehaviour:
  m_ObjectHideFlags: 0
  m_PrefabParentObject: {fileID: 11400004, guid: b8b03d395f5734e98af91ccf44f9bf47,
    type: 2}
  m_PrefabInternal: {fileID: 0}
  m_GameObject: {fileID: 57160503}
  m_Enabled: 1
  m_EditorHideFlags: 0
  m_Script: {fileID: 11500000, guid: 5c9cfdc6c389e2742aa40f991195d828, type: 3}
  m_Name: 
  m_EditorClassIdentifier: 
  eye: 0
  toggleCullingMask:
    serializedVersion: 2
    m_Bits: 0
--- !u!124 &57160506
Behaviour:
  m_ObjectHideFlags: 0
  m_PrefabParentObject: {fileID: 12400002, guid: b8b03d395f5734e98af91ccf44f9bf47,
    type: 2}
  m_PrefabInternal: {fileID: 0}
  m_GameObject: {fileID: 57160503}
  m_Enabled: 1
--- !u!20 &57160507
Camera:
  m_ObjectHideFlags: 0
  m_PrefabParentObject: {fileID: 2000002, guid: b8b03d395f5734e98af91ccf44f9bf47,
    type: 2}
  m_PrefabInternal: {fileID: 0}
  m_GameObject: {fileID: 57160503}
  m_Enabled: 0
  serializedVersion: 2
  m_ClearFlags: 2
  m_BackGroundColor: {r: 0.19215687, g: 0.3019608, b: 0.4745098, a: 1}
  m_NormalizedViewPortRect:
    serializedVersion: 2
    x: 0
    y: 0
    width: 0.5
    height: 1
  near clip plane: 0.3
  far clip plane: 1000
  field of view: 60
  orthographic: 0
  orthographic size: 5
  m_Depth: 0
  m_CullingMask:
    serializedVersion: 2
    m_Bits: 4294967295
  m_RenderingPath: -1
  m_TargetTexture: {fileID: 0}
  m_TargetDisplay: 0
  m_TargetEye: 3
  m_HDR: 0
  m_OcclusionCulling: 1
  m_StereoConvergence: 10
  m_StereoSeparation: 0.022
  m_StereoMirrorMode: 0
--- !u!1 &331333726
GameObject:
  m_ObjectHideFlags: 0
  m_PrefabParentObject: {fileID: 150432, guid: b8b03d395f5734e98af91ccf44f9bf47, type: 2}
  m_PrefabInternal: {fileID: 0}
  serializedVersion: 4
  m_Component:
  - 4: {fileID: 331333727}
  - 20: {fileID: 331333730}
  - 92: {fileID: 331333729}
  - 114: {fileID: 331333728}
  m_Layer: 0
  m_Name: PostRender
  m_TagString: Untagged
  m_Icon: {fileID: 0}
  m_NavMeshLayer: 0
  m_StaticEditorFlags: 0
  m_IsActive: 1
--- !u!4 &331333727
Transform:
  m_ObjectHideFlags: 0
  m_PrefabParentObject: {fileID: 450432, guid: b8b03d395f5734e98af91ccf44f9bf47, type: 2}
  m_PrefabInternal: {fileID: 0}
  m_GameObject: {fileID: 331333726}
  m_LocalRotation: {x: 0, y: 0, z: 0, w: 1}
  m_LocalPosition: {x: 0, y: 0, z: 0}
  m_LocalScale: {x: 1, y: 1, z: 1}
  m_LocalEulerAnglesHint: {x: 0, y: 0, z: 0}
  m_Children: []
  m_Father: {fileID: 1682383144}
  m_RootOrder: 1
--- !u!114 &331333728
MonoBehaviour:
  m_ObjectHideFlags: 0
  m_PrefabParentObject: {fileID: 11450432, guid: b8b03d395f5734e98af91ccf44f9bf47,
    type: 2}
  m_PrefabInternal: {fileID: 0}
  m_GameObject: {fileID: 331333726}
  m_Enabled: 1
  m_EditorHideFlags: 0
  m_Script: {fileID: 11500000, guid: 3995cc6db284649a793472ad14b220f6, type: 3}
  m_Name: 
  m_EditorClassIdentifier: 
--- !u!92 &331333729
Behaviour:
  m_ObjectHideFlags: 0
  m_PrefabParentObject: {fileID: 9250434, guid: b8b03d395f5734e98af91ccf44f9bf47,
    type: 2}
  m_PrefabInternal: {fileID: 0}
  m_GameObject: {fileID: 331333726}
  m_Enabled: 1
--- !u!20 &331333730
Camera:
  m_ObjectHideFlags: 0
  m_PrefabParentObject: {fileID: 2050432, guid: b8b03d395f5734e98af91ccf44f9bf47,
    type: 2}
  m_PrefabInternal: {fileID: 0}
  m_GameObject: {fileID: 331333726}
  m_Enabled: 1
  serializedVersion: 2
  m_ClearFlags: 3
  m_BackGroundColor: {r: 1, g: 0, b: 1, a: 1}
  m_NormalizedViewPortRect:
    serializedVersion: 2
    x: 0
    y: 0
    width: 1
    height: 1
  near clip plane: 0.3
  far clip plane: 1000
  field of view: 60
  orthographic: 1
  orthographic size: 0.5
  m_Depth: 100
  m_CullingMask:
    serializedVersion: 2
    m_Bits: 0
  m_RenderingPath: -1
  m_TargetTexture: {fileID: 0}
  m_TargetDisplay: 0
  m_TargetEye: 3
  m_HDR: 0
  m_OcclusionCulling: 0
  m_StereoConvergence: 10
  m_StereoSeparation: 0.022
  m_StereoMirrorMode: 0
--- !u!1 &558479026
GameObject:
  m_ObjectHideFlags: 0
  m_PrefabParentObject: {fileID: 150434, guid: b8b03d395f5734e98af91ccf44f9bf47, type: 2}
  m_PrefabInternal: {fileID: 0}
  serializedVersion: 4
  m_Component:
  - 4: {fileID: 558479027}
  - 20: {fileID: 558479029}
  - 114: {fileID: 558479028}
  m_Layer: 0
  m_Name: PreRender
  m_TagString: Untagged
  m_Icon: {fileID: 0}
  m_NavMeshLayer: 0
  m_StaticEditorFlags: 0
  m_IsActive: 1
--- !u!4 &558479027
Transform:
  m_ObjectHideFlags: 0
  m_PrefabParentObject: {fileID: 450434, guid: b8b03d395f5734e98af91ccf44f9bf47, type: 2}
  m_PrefabInternal: {fileID: 0}
  m_GameObject: {fileID: 558479026}
  m_LocalRotation: {x: 0, y: 0, z: 0, w: 1}
  m_LocalPosition: {x: 0, y: 0, z: 0}
  m_LocalScale: {x: 1, y: 1, z: 1}
  m_LocalEulerAnglesHint: {x: 0, y: 0, z: 0}
  m_Children: []
  m_Father: {fileID: 1682383144}
  m_RootOrder: 0
--- !u!114 &558479028
MonoBehaviour:
  m_ObjectHideFlags: 0
  m_PrefabParentObject: {fileID: 11450434, guid: b8b03d395f5734e98af91ccf44f9bf47,
    type: 2}
  m_PrefabInternal: {fileID: 0}
  m_GameObject: {fileID: 558479026}
  m_Enabled: 1
  m_EditorHideFlags: 0
  m_Script: {fileID: 11500000, guid: 20fb7fbcfb2e642bba6211eb9ea19962, type: 3}
  m_Name: 
  m_EditorClassIdentifier: 
--- !u!20 &558479029
Camera:
  m_ObjectHideFlags: 0
  m_PrefabParentObject: {fileID: 2050434, guid: b8b03d395f5734e98af91ccf44f9bf47,
    type: 2}
  m_PrefabInternal: {fileID: 0}
  m_GameObject: {fileID: 558479026}
  m_Enabled: 1
  serializedVersion: 2
  m_ClearFlags: 2
  m_BackGroundColor: {r: 0, g: 0, b: 0, a: 1}
  m_NormalizedViewPortRect:
    serializedVersion: 2
    x: 0
    y: 0
    width: 1
    height: 1
  near clip plane: 0.3
  far clip plane: 1000
  field of view: 60
  orthographic: 0
  orthographic size: 5
  m_Depth: -100
  m_CullingMask:
    serializedVersion: 2
    m_Bits: 0
  m_RenderingPath: -1
  m_TargetTexture: {fileID: 0}
  m_TargetDisplay: 0
  m_TargetEye: 3
  m_HDR: 0
  m_OcclusionCulling: 0
  m_StereoConvergence: 10
  m_StereoSeparation: 0.022
  m_StereoMirrorMode: 0
--- !u!1001 &743542661
Prefab:
  m_ObjectHideFlags: 0
  serializedVersion: 2
  m_Modification:
    m_TransformParent: {fileID: 0}
    m_Modifications:
    - target: {fileID: 400096, guid: 543c3f09a137fb84b9cd34e866f94c84, type: 3}
      propertyPath: m_LocalPosition.x
      value: 4.24
      objectReference: {fileID: 0}
    - target: {fileID: 400096, guid: 543c3f09a137fb84b9cd34e866f94c84, type: 3}
      propertyPath: m_LocalPosition.y
      value: 1.17
      objectReference: {fileID: 0}
    - target: {fileID: 400096, guid: 543c3f09a137fb84b9cd34e866f94c84, type: 3}
      propertyPath: m_LocalPosition.z
      value: 7.01
      objectReference: {fileID: 0}
    - target: {fileID: 400096, guid: 543c3f09a137fb84b9cd34e866f94c84, type: 3}
      propertyPath: m_LocalRotation.x
      value: -0.7037313
      objectReference: {fileID: 0}
    - target: {fileID: 400096, guid: 543c3f09a137fb84b9cd34e866f94c84, type: 3}
      propertyPath: m_LocalRotation.y
      value: -0
      objectReference: {fileID: 0}
    - target: {fileID: 400096, guid: 543c3f09a137fb84b9cd34e866f94c84, type: 3}
      propertyPath: m_LocalRotation.z
      value: -0
      objectReference: {fileID: 0}
    - target: {fileID: 400096, guid: 543c3f09a137fb84b9cd34e866f94c84, type: 3}
      propertyPath: m_LocalRotation.w
      value: 0.71046627
      objectReference: {fileID: 0}
    - target: {fileID: 400096, guid: 543c3f09a137fb84b9cd34e866f94c84, type: 3}
      propertyPath: m_RootOrder
      value: 4
      objectReference: {fileID: 0}
    - target: {fileID: 2300064, guid: 543c3f09a137fb84b9cd34e866f94c84, type: 3}
      propertyPath: m_Materials.Array.data[0]
      value: 
      objectReference: {fileID: 2100000, guid: 80a826198e11fef41b34aac6b55f45af, type: 2}
    - target: {fileID: 2300084, guid: 543c3f09a137fb84b9cd34e866f94c84, type: 3}
      propertyPath: m_Materials.Array.data[0]
      value: 
      objectReference: {fileID: 2100000, guid: 80a826198e11fef41b34aac6b55f45af, type: 2}
    - target: {fileID: 2300058, guid: 543c3f09a137fb84b9cd34e866f94c84, type: 3}
      propertyPath: m_Materials.Array.data[0]
      value: 
      objectReference: {fileID: 2100000, guid: 80a826198e11fef41b34aac6b55f45af, type: 2}
    - target: {fileID: 2300028, guid: 543c3f09a137fb84b9cd34e866f94c84, type: 3}
      propertyPath: m_Materials.Array.data[0]
      value: 
      objectReference: {fileID: 2100000, guid: 80a826198e11fef41b34aac6b55f45af, type: 2}
    - target: {fileID: 2300014, guid: 543c3f09a137fb84b9cd34e866f94c84, type: 3}
      propertyPath: m_Materials.Array.data[0]
      value: 
      objectReference: {fileID: 2100000, guid: 80a826198e11fef41b34aac6b55f45af, type: 2}
    - target: {fileID: 2300086, guid: 543c3f09a137fb84b9cd34e866f94c84, type: 3}
      propertyPath: m_Materials.Array.data[0]
      value: 
      objectReference: {fileID: 2100000, guid: 80a826198e11fef41b34aac6b55f45af, type: 2}
    - target: {fileID: 2300092, guid: 543c3f09a137fb84b9cd34e866f94c84, type: 3}
      propertyPath: m_Materials.Array.data[0]
      value: 
      objectReference: {fileID: 2100000, guid: 80a826198e11fef41b34aac6b55f45af, type: 2}
    - target: {fileID: 2300050, guid: 543c3f09a137fb84b9cd34e866f94c84, type: 3}
      propertyPath: m_Materials.Array.data[0]
      value: 
      objectReference: {fileID: 2100000, guid: 80a826198e11fef41b34aac6b55f45af, type: 2}
    - target: {fileID: 2300018, guid: 543c3f09a137fb84b9cd34e866f94c84, type: 3}
      propertyPath: m_Materials.Array.data[0]
      value: 
      objectReference: {fileID: 2100000, guid: 80a826198e11fef41b34aac6b55f45af, type: 2}
    - target: {fileID: 2300022, guid: 543c3f09a137fb84b9cd34e866f94c84, type: 3}
      propertyPath: m_Materials.Array.data[0]
      value: 
      objectReference: {fileID: 2100000, guid: 80a826198e11fef41b34aac6b55f45af, type: 2}
    - target: {fileID: 2300016, guid: 543c3f09a137fb84b9cd34e866f94c84, type: 3}
      propertyPath: m_Materials.Array.data[0]
      value: 
      objectReference: {fileID: 2100000, guid: 80a826198e11fef41b34aac6b55f45af, type: 2}
    - target: {fileID: 2300030, guid: 543c3f09a137fb84b9cd34e866f94c84, type: 3}
      propertyPath: m_Materials.Array.data[0]
      value: 
      objectReference: {fileID: 2100000, guid: 80a826198e11fef41b34aac6b55f45af, type: 2}
    - target: {fileID: 2300006, guid: 543c3f09a137fb84b9cd34e866f94c84, type: 3}
      propertyPath: m_Materials.Array.data[0]
      value: 
      objectReference: {fileID: 2100000, guid: 80a826198e11fef41b34aac6b55f45af, type: 2}
    - target: {fileID: 2300040, guid: 543c3f09a137fb84b9cd34e866f94c84, type: 3}
      propertyPath: m_Materials.Array.data[0]
      value: 
      objectReference: {fileID: 2100000, guid: 80a826198e11fef41b34aac6b55f45af, type: 2}
    - target: {fileID: 2300060, guid: 543c3f09a137fb84b9cd34e866f94c84, type: 3}
      propertyPath: m_Materials.Array.data[0]
      value: 
      objectReference: {fileID: 2100000, guid: 80a826198e11fef41b34aac6b55f45af, type: 2}
    - target: {fileID: 2300012, guid: 543c3f09a137fb84b9cd34e866f94c84, type: 3}
      propertyPath: m_Materials.Array.data[0]
      value: 
      objectReference: {fileID: 2100000, guid: 80a826198e11fef41b34aac6b55f45af, type: 2}
    - target: {fileID: 2300066, guid: 543c3f09a137fb84b9cd34e866f94c84, type: 3}
      propertyPath: m_Materials.Array.data[0]
      value: 
      objectReference: {fileID: 2100000, guid: 80a826198e11fef41b34aac6b55f45af, type: 2}
    - target: {fileID: 2300000, guid: 543c3f09a137fb84b9cd34e866f94c84, type: 3}
      propertyPath: m_Materials.Array.data[0]
      value: 
      objectReference: {fileID: 2100000, guid: 80a826198e11fef41b34aac6b55f45af, type: 2}
    - target: {fileID: 2300048, guid: 543c3f09a137fb84b9cd34e866f94c84, type: 3}
      propertyPath: m_Materials.Array.data[0]
      value: 
      objectReference: {fileID: 2100000, guid: 80a826198e11fef41b34aac6b55f45af, type: 2}
    - target: {fileID: 2300026, guid: 543c3f09a137fb84b9cd34e866f94c84, type: 3}
      propertyPath: m_Materials.Array.data[0]
      value: 
      objectReference: {fileID: 2100000, guid: 80a826198e11fef41b34aac6b55f45af, type: 2}
    - target: {fileID: 2300078, guid: 543c3f09a137fb84b9cd34e866f94c84, type: 3}
      propertyPath: m_Materials.Array.data[0]
      value: 
      objectReference: {fileID: 2100000, guid: 80a826198e11fef41b34aac6b55f45af, type: 2}
    - target: {fileID: 2300076, guid: 543c3f09a137fb84b9cd34e866f94c84, type: 3}
      propertyPath: m_Materials.Array.data[0]
      value: 
      objectReference: {fileID: 2100000, guid: 80a826198e11fef41b34aac6b55f45af, type: 2}
    - target: {fileID: 2300068, guid: 543c3f09a137fb84b9cd34e866f94c84, type: 3}
      propertyPath: m_Materials.Array.data[0]
      value: 
      objectReference: {fileID: 2100000, guid: 80a826198e11fef41b34aac6b55f45af, type: 2}
    - target: {fileID: 2300024, guid: 543c3f09a137fb84b9cd34e866f94c84, type: 3}
      propertyPath: m_Materials.Array.data[0]
      value: 
      objectReference: {fileID: 2100000, guid: 80a826198e11fef41b34aac6b55f45af, type: 2}
    - target: {fileID: 2300070, guid: 543c3f09a137fb84b9cd34e866f94c84, type: 3}
      propertyPath: m_Materials.Array.data[0]
      value: 
      objectReference: {fileID: 2100000, guid: 80a826198e11fef41b34aac6b55f45af, type: 2}
    - target: {fileID: 2300034, guid: 543c3f09a137fb84b9cd34e866f94c84, type: 3}
      propertyPath: m_Materials.Array.data[0]
      value: 
      objectReference: {fileID: 2100000, guid: 80a826198e11fef41b34aac6b55f45af, type: 2}
    - target: {fileID: 2300062, guid: 543c3f09a137fb84b9cd34e866f94c84, type: 3}
      propertyPath: m_Materials.Array.data[0]
      value: 
      objectReference: {fileID: 2100000, guid: 80a826198e11fef41b34aac6b55f45af, type: 2}
    - target: {fileID: 2300072, guid: 543c3f09a137fb84b9cd34e866f94c84, type: 3}
      propertyPath: m_Materials.Array.data[0]
      value: 
      objectReference: {fileID: 2100000, guid: 80a826198e11fef41b34aac6b55f45af, type: 2}
    - target: {fileID: 2300008, guid: 543c3f09a137fb84b9cd34e866f94c84, type: 3}
      propertyPath: m_Materials.Array.data[0]
      value: 
      objectReference: {fileID: 2100000, guid: 80a826198e11fef41b34aac6b55f45af, type: 2}
    - target: {fileID: 2300088, guid: 543c3f09a137fb84b9cd34e866f94c84, type: 3}
      propertyPath: m_Materials.Array.data[0]
      value: 
      objectReference: {fileID: 2100000, guid: 80a826198e11fef41b34aac6b55f45af, type: 2}
    - target: {fileID: 2300090, guid: 543c3f09a137fb84b9cd34e866f94c84, type: 3}
      propertyPath: m_Materials.Array.data[0]
      value: 
      objectReference: {fileID: 2100000, guid: 80a826198e11fef41b34aac6b55f45af, type: 2}
    - target: {fileID: 2300004, guid: 543c3f09a137fb84b9cd34e866f94c84, type: 3}
      propertyPath: m_Materials.Array.data[0]
      value: 
      objectReference: {fileID: 2100000, guid: 80a826198e11fef41b34aac6b55f45af, type: 2}
    - target: {fileID: 2300036, guid: 543c3f09a137fb84b9cd34e866f94c84, type: 3}
      propertyPath: m_Materials.Array.data[0]
      value: 
      objectReference: {fileID: 2100000, guid: 80a826198e11fef41b34aac6b55f45af, type: 2}
    - target: {fileID: 2300042, guid: 543c3f09a137fb84b9cd34e866f94c84, type: 3}
      propertyPath: m_Materials.Array.data[0]
      value: 
      objectReference: {fileID: 2100000, guid: 80a826198e11fef41b34aac6b55f45af, type: 2}
    - target: {fileID: 2300032, guid: 543c3f09a137fb84b9cd34e866f94c84, type: 3}
      propertyPath: m_Materials.Array.data[0]
      value: 
      objectReference: {fileID: 2100000, guid: 80a826198e11fef41b34aac6b55f45af, type: 2}
    - target: {fileID: 2300054, guid: 543c3f09a137fb84b9cd34e866f94c84, type: 3}
      propertyPath: m_Materials.Array.data[0]
      value: 
      objectReference: {fileID: 2100000, guid: 80a826198e11fef41b34aac6b55f45af, type: 2}
    - target: {fileID: 2300002, guid: 543c3f09a137fb84b9cd34e866f94c84, type: 3}
      propertyPath: m_Materials.Array.data[0]
      value: 
      objectReference: {fileID: 2100000, guid: 80a826198e11fef41b34aac6b55f45af, type: 2}
    - target: {fileID: 2300020, guid: 543c3f09a137fb84b9cd34e866f94c84, type: 3}
      propertyPath: m_Materials.Array.data[0]
      value: 
      objectReference: {fileID: 2100000, guid: 80a826198e11fef41b34aac6b55f45af, type: 2}
    - target: {fileID: 2300038, guid: 543c3f09a137fb84b9cd34e866f94c84, type: 3}
      propertyPath: m_Materials.Array.data[0]
      value: 
      objectReference: {fileID: 2100000, guid: 80a826198e11fef41b34aac6b55f45af, type: 2}
    - target: {fileID: 2300056, guid: 543c3f09a137fb84b9cd34e866f94c84, type: 3}
      propertyPath: m_Materials.Array.data[0]
      value: 
      objectReference: {fileID: 2100000, guid: 80a826198e11fef41b34aac6b55f45af, type: 2}
    - target: {fileID: 2300010, guid: 543c3f09a137fb84b9cd34e866f94c84, type: 3}
      propertyPath: m_Materials.Array.data[0]
      value: 
      objectReference: {fileID: 2100000, guid: 80a826198e11fef41b34aac6b55f45af, type: 2}
    - target: {fileID: 2300044, guid: 543c3f09a137fb84b9cd34e866f94c84, type: 3}
      propertyPath: m_Materials.Array.data[0]
      value: 
      objectReference: {fileID: 2100000, guid: 80a826198e11fef41b34aac6b55f45af, type: 2}
    - target: {fileID: 2300052, guid: 543c3f09a137fb84b9cd34e866f94c84, type: 3}
      propertyPath: m_Materials.Array.data[0]
      value: 
      objectReference: {fileID: 2100000, guid: 80a826198e11fef41b34aac6b55f45af, type: 2}
    - target: {fileID: 2300074, guid: 543c3f09a137fb84b9cd34e866f94c84, type: 3}
      propertyPath: m_Materials.Array.data[0]
      value: 
      objectReference: {fileID: 2100000, guid: 80a826198e11fef41b34aac6b55f45af, type: 2}
    - target: {fileID: 2300046, guid: 543c3f09a137fb84b9cd34e866f94c84, type: 3}
      propertyPath: m_Materials.Array.data[0]
      value: 
      objectReference: {fileID: 2100000, guid: 80a826198e11fef41b34aac6b55f45af, type: 2}
    - target: {fileID: 400096, guid: 543c3f09a137fb84b9cd34e866f94c84, type: 3}
      propertyPath: m_LocalEulerAnglesHint.x
      value: -89.435005
      objectReference: {fileID: 0}
    m_RemovedComponents: []
  m_ParentPrefab: {fileID: 100100000, guid: 543c3f09a137fb84b9cd34e866f94c84, type: 3}
  m_IsPrefabParent: 0
--- !u!1 &1362915978
GameObject:
  m_ObjectHideFlags: 0
  m_PrefabParentObject: {fileID: 0}
  m_PrefabInternal: {fileID: 0}
  serializedVersion: 4
  m_Component:
  - 4: {fileID: 1362915982}
  - 33: {fileID: 1362915981}
  - 64: {fileID: 1362915980}
  - 23: {fileID: 1362915979}
  - 114: {fileID: 1362915983}
  m_Layer: 0
  m_Name: Plane
  m_TagString: Untagged
  m_Icon: {fileID: 0}
  m_NavMeshLayer: 0
  m_StaticEditorFlags: 0
  m_IsActive: 1
--- !u!23 &1362915979
MeshRenderer:
  m_ObjectHideFlags: 0
  m_PrefabParentObject: {fileID: 0}
  m_PrefabInternal: {fileID: 0}
  m_GameObject: {fileID: 1362915978}
  m_Enabled: 1
  m_CastShadows: 1
  m_ReceiveShadows: 1
  m_MotionVectors: 1
  m_LightProbeUsage: 0
  m_ReflectionProbeUsage: 1
  m_Materials:
  - {fileID: 2100000, guid: 24e5e8c684100ca4e8b8630e0e8a1574, type: 2}
  m_SubsetIndices: 
  m_StaticBatchRoot: {fileID: 0}
  m_ProbeAnchor: {fileID: 0}
  m_LightProbeVolumeOverride: {fileID: 0}
  m_ScaleInLightmap: 1
  m_PreserveUVs: 1
  m_IgnoreNormalsForChartDetection: 0
  m_ImportantGI: 0
  m_SelectedWireframeHidden: 0
  m_MinimumChartSize: 4
  m_AutoUVMaxDistance: 0.5
  m_AutoUVMaxAngle: 89
  m_LightmapParameters: {fileID: 0}
  m_SortingLayerID: 0
  m_SortingOrder: 0
--- !u!64 &1362915980
MeshCollider:
  m_ObjectHideFlags: 0
  m_PrefabParentObject: {fileID: 0}
  m_PrefabInternal: {fileID: 0}
  m_GameObject: {fileID: 1362915978}
  m_Material: {fileID: 13400000, guid: 9f93f63d068b08c459038c40fce897d8, type: 2}
  m_IsTrigger: 0
  m_Enabled: 1
  serializedVersion: 2
  m_Convex: 0
  m_Mesh: {fileID: 10209, guid: 0000000000000000e000000000000000, type: 0}
--- !u!33 &1362915981
MeshFilter:
  m_ObjectHideFlags: 0
  m_PrefabParentObject: {fileID: 0}
  m_PrefabInternal: {fileID: 0}
  m_GameObject: {fileID: 1362915978}
  m_Mesh: {fileID: 10209, guid: 0000000000000000e000000000000000, type: 0}
--- !u!4 &1362915982
Transform:
  m_ObjectHideFlags: 0
  m_PrefabParentObject: {fileID: 0}
  m_PrefabInternal: {fileID: 0}
  m_GameObject: {fileID: 1362915978}
  m_LocalRotation: {x: 0, y: 0, z: 0, w: 1}
  m_LocalPosition: {x: 0, y: 0, z: -0.24}
  m_LocalScale: {x: 5, y: 5, z: 5}
  m_LocalEulerAnglesHint: {x: 0, y: 0, z: 0}
  m_Children: []
  m_Father: {fileID: 0}
  m_RootOrder: 1
--- !u!114 &1362915983
MonoBehaviour:
  m_ObjectHideFlags: 0
  m_PrefabParentObject: {fileID: 0}
  m_PrefabInternal: {fileID: 0}
  m_GameObject: {fileID: 1362915978}
  m_Enabled: 1
  m_EditorHideFlags: 0
  m_Script: {fileID: 11500000, guid: 710d7ee0f45938646acd471058eb5536, type: 3}
  m_Name: 
  m_EditorClassIdentifier: 
--- !u!1 &1682383143
GameObject:
  m_ObjectHideFlags: 0
  m_PrefabParentObject: {fileID: 150430, guid: b8b03d395f5734e98af91ccf44f9bf47, type: 2}
  m_PrefabInternal: {fileID: 0}
  serializedVersion: 4
  m_Component:
  - 4: {fileID: 1682383144}
  m_Layer: 0
  m_Name: Stereo Render
  m_TagString: Untagged
  m_Icon: {fileID: 0}
  m_NavMeshLayer: 0
  m_StaticEditorFlags: 0
  m_IsActive: 1
--- !u!4 &1682383144
Transform:
  m_ObjectHideFlags: 0
  m_PrefabParentObject: {fileID: 450430, guid: b8b03d395f5734e98af91ccf44f9bf47, type: 2}
  m_PrefabInternal: {fileID: 0}
  m_GameObject: {fileID: 1682383143}
  m_LocalRotation: {x: 0, y: 0, z: 0, w: 1}
  m_LocalPosition: {x: 0, y: -1, z: 0}
  m_LocalScale: {x: 1, y: 1, z: 1}
  m_LocalEulerAnglesHint: {x: 0, y: 0, z: 0}
  m_Children:
  - {fileID: 558479027}
  - {fileID: 331333727}
  m_Father: {fileID: 1870199247}
  m_RootOrder: 1
--- !u!1 &1693892438
GameObject:
  m_ObjectHideFlags: 0
  m_PrefabParentObject: {fileID: 0}
  m_PrefabInternal: {fileID: 0}
  serializedVersion: 4
  m_Component:
  - 4: {fileID: 1693892440}
  - 108: {fileID: 1693892439}
  m_Layer: 0
  m_Name: Directional Light
  m_TagString: Untagged
  m_Icon: {fileID: 0}
  m_NavMeshLayer: 0
  m_StaticEditorFlags: 0
  m_IsActive: 1
--- !u!108 &1693892439
Light:
  m_ObjectHideFlags: 0
  m_PrefabParentObject: {fileID: 0}
  m_PrefabInternal: {fileID: 0}
  m_GameObject: {fileID: 1693892438}
  m_Enabled: 1
  serializedVersion: 7
  m_Type: 1
  m_Color: {r: 1, g: 0.95686275, b: 0.8392157, a: 1}
  m_Intensity: 1
  m_Range: 10
  m_SpotAngle: 30
  m_CookieSize: 10
  m_Shadows:
    m_Type: 2
    m_Resolution: -1
    m_CustomResolution: -1
    m_Strength: 1
    m_Bias: 0.05
    m_NormalBias: 0.4
    m_NearPlane: 0.2
  m_Cookie: {fileID: 0}
  m_DrawHalo: 0
  m_Flare: {fileID: 0}
  m_RenderMode: 0
  m_CullingMask:
    serializedVersion: 2
    m_Bits: 4294967295
  m_Lightmapping: 4
  m_AreaSize: {x: 1, y: 1}
  m_BounceIntensity: 1
  m_ShadowRadius: 0
  m_ShadowAngle: 0
--- !u!4 &1693892440
Transform:
  m_ObjectHideFlags: 0
  m_PrefabParentObject: {fileID: 0}
  m_PrefabInternal: {fileID: 0}
  m_GameObject: {fileID: 1693892438}
  m_LocalRotation: {x: 0.40821794, y: -0.23456973, z: 0.109381676, w: 0.87542605}
  m_LocalPosition: {x: 1.21, y: 3.33, z: -2.1}
  m_LocalScale: {x: 1, y: 1, z: 1}
  m_LocalEulerAnglesHint: {x: 50, y: -30, z: 0}
  m_Children: []
  m_Father: {fileID: 0}
  m_RootOrder: 0
--- !u!1 &1857594254
GameObject:
  m_ObjectHideFlags: 0
  m_PrefabParentObject: {fileID: 100000, guid: b8b03d395f5734e98af91ccf44f9bf47, type: 2}
  m_PrefabInternal: {fileID: 0}
  serializedVersion: 4
  m_Component:
  - 4: {fileID: 1857594255}
  - 20: {fileID: 1857594258}
  - 124: {fileID: 1857594257}
  - 114: {fileID: 1857594256}
  m_Layer: 0
  m_Name: Main Camera Right
  m_TagString: Untagged
  m_Icon: {fileID: 0}
  m_NavMeshLayer: 0
  m_StaticEditorFlags: 0
  m_IsActive: 1
--- !u!4 &1857594255
Transform:
  m_ObjectHideFlags: 0
  m_PrefabParentObject: {fileID: 400000, guid: b8b03d395f5734e98af91ccf44f9bf47, type: 2}
  m_PrefabInternal: {fileID: 0}
  m_GameObject: {fileID: 1857594254}
  m_LocalRotation: {x: 0, y: 0, z: 0, w: 1}
  m_LocalPosition: {x: 0.03, y: 0, z: 0}
  m_LocalScale: {x: 1, y: 1, z: 1}
  m_LocalEulerAnglesHint: {x: 0, y: 0, z: 0}
  m_Children: []
  m_Father: {fileID: 2116891822}
  m_RootOrder: 1
--- !u!114 &1857594256
MonoBehaviour:
  m_ObjectHideFlags: 0
  m_PrefabParentObject: {fileID: 11400002, guid: b8b03d395f5734e98af91ccf44f9bf47,
    type: 2}
  m_PrefabInternal: {fileID: 0}
  m_GameObject: {fileID: 1857594254}
  m_Enabled: 1
  m_EditorHideFlags: 0
  m_Script: {fileID: 11500000, guid: 5c9cfdc6c389e2742aa40f991195d828, type: 3}
  m_Name: 
  m_EditorClassIdentifier: 
  eye: 1
  toggleCullingMask:
    serializedVersion: 2
    m_Bits: 0
--- !u!124 &1857594257
Behaviour:
  m_ObjectHideFlags: 0
  m_PrefabParentObject: {fileID: 12400000, guid: b8b03d395f5734e98af91ccf44f9bf47,
    type: 2}
  m_PrefabInternal: {fileID: 0}
  m_GameObject: {fileID: 1857594254}
  m_Enabled: 1
--- !u!20 &1857594258
Camera:
  m_ObjectHideFlags: 0
  m_PrefabParentObject: {fileID: 2000000, guid: b8b03d395f5734e98af91ccf44f9bf47,
    type: 2}
  m_PrefabInternal: {fileID: 0}
  m_GameObject: {fileID: 1857594254}
  m_Enabled: 0
  serializedVersion: 2
  m_ClearFlags: 2
  m_BackGroundColor: {r: 0.19215687, g: 0.3019608, b: 0.4745098, a: 1}
  m_NormalizedViewPortRect:
    serializedVersion: 2
    x: 0.5
    y: 0
    width: 0.5
    height: 1
  near clip plane: 0.3
  far clip plane: 1000
  field of view: 60
  orthographic: 0
  orthographic size: 5
  m_Depth: 0
  m_CullingMask:
    serializedVersion: 2
    m_Bits: 4294967295
  m_RenderingPath: -1
  m_TargetTexture: {fileID: 0}
  m_TargetDisplay: 0
  m_TargetEye: 3
  m_HDR: 0
  m_OcclusionCulling: 1
  m_StereoConvergence: 10
  m_StereoSeparation: 0.022
  m_StereoMirrorMode: 0
--- !u!1 &1870199246
GameObject:
  m_ObjectHideFlags: 0
  m_PrefabParentObject: {fileID: 100008, guid: b8b03d395f5734e98af91ccf44f9bf47, type: 2}
  m_PrefabInternal: {fileID: 0}
  serializedVersion: 4
  m_Component:
  - 4: {fileID: 1870199247}
  - 114: {fileID: 1870199248}
  m_Layer: 0
  m_Name: Head
  m_TagString: Untagged
  m_Icon: {fileID: 0}
  m_NavMeshLayer: 0
  m_StaticEditorFlags: 0
  m_IsActive: 1
--- !u!4 &1870199247
Transform:
  m_ObjectHideFlags: 0
  m_PrefabParentObject: {fileID: 400008, guid: b8b03d395f5734e98af91ccf44f9bf47, type: 2}
  m_PrefabInternal: {fileID: 0}
  m_GameObject: {fileID: 1870199246}
  m_LocalRotation: {x: 0, y: 0, z: 0, w: 1}
  m_LocalPosition: {x: 0, y: 0, z: 0}
  m_LocalScale: {x: 1, y: 1, z: 1}
  m_LocalEulerAnglesHint: {x: 0, y: 0, z: 0}
  m_Children:
  - {fileID: 2116891822}
  - {fileID: 1682383144}
  m_Father: {fileID: 1925606874}
  m_RootOrder: 0
--- !u!114 &1870199248
MonoBehaviour:
  m_ObjectHideFlags: 0
  m_PrefabParentObject: {fileID: 11400008, guid: b8b03d395f5734e98af91ccf44f9bf47,
    type: 2}
  m_PrefabInternal: {fileID: 0}
  m_GameObject: {fileID: 1870199246}
  m_Enabled: 1
  m_EditorHideFlags: 0
  m_Script: {fileID: 11500000, guid: f1578549c7fcc4f6fa1b063992091672, type: 3}
  m_Name: 
  m_EditorClassIdentifier: 
  trackRotation: 1
  trackPosition: 1
  target: {fileID: 0}
  updateEarly: 0
--- !u!1 &1925606873
GameObject:
  m_ObjectHideFlags: 0
  m_PrefabParentObject: {fileID: 100000, guid: 5e9e851c0e142814dac026a256ba2ac0, type: 2}
  m_PrefabInternal: {fileID: 0}
  serializedVersion: 4
  m_Component:
  - 4: {fileID: 1925606874}
  - 143: {fileID: 1925606878}
  - 114: {fileID: 1925606877}
  - 54: {fileID: 1925606876}
  - 82: {fileID: 1925606875}
  m_Layer: 0
  m_Name: FPSController
  m_TagString: Untagged
  m_Icon: {fileID: 0}
  m_NavMeshLayer: 0
  m_StaticEditorFlags: 0
  m_IsActive: 1
--- !u!4 &1925606874
Transform:
  m_ObjectHideFlags: 0
  m_PrefabParentObject: {fileID: 400000, guid: 5e9e851c0e142814dac026a256ba2ac0, type: 2}
  m_PrefabInternal: {fileID: 0}
  m_GameObject: {fileID: 1925606873}
  m_LocalRotation: {x: 0, y: 0, z: 0, w: 1}
  m_LocalPosition: {x: 0, y: 2, z: -2.02}
  m_LocalScale: {x: 1, y: 1, z: 1}
  m_LocalEulerAnglesHint: {x: 0, y: 0, z: 0}
  m_Children:
  - {fileID: 1870199247}
  m_Father: {fileID: 0}
  m_RootOrder: 2
--- !u!82 &1925606875
AudioSource:
  m_ObjectHideFlags: 0
  m_PrefabParentObject: {fileID: 8200000, guid: 5e9e851c0e142814dac026a256ba2ac0,
    type: 2}
  m_PrefabInternal: {fileID: 0}
  m_GameObject: {fileID: 1925606873}
  m_Enabled: 0
  serializedVersion: 4
  OutputAudioMixerGroup: {fileID: 0}
  m_audioClip: {fileID: 0}
  m_PlayOnAwake: 1
  m_Volume: 1
  m_Pitch: 1
  Loop: 0
  Mute: 0
  Spatialize: 0
  Priority: 128
  DopplerLevel: 1
  MinDistance: 1
  MaxDistance: 500
  Pan2D: 0
  rolloffMode: 0
  BypassEffects: 0
  BypassListenerEffects: 0
  BypassReverbZones: 0
  rolloffCustomCurve:
    serializedVersion: 2
    m_Curve:
    - time: 0
      value: 1
      inSlope: 0
      outSlope: 0
      tangentMode: 0
    - time: 1
      value: 0
      inSlope: 0
      outSlope: 0
      tangentMode: 0
    m_PreInfinity: 2
    m_PostInfinity: 2
    m_RotationOrder: 4
  panLevelCustomCurve:
    serializedVersion: 2
    m_Curve:
    - time: 0
      value: 1
      inSlope: 0
      outSlope: 0
      tangentMode: 0
    m_PreInfinity: 2
    m_PostInfinity: 2
    m_RotationOrder: 0
  spreadCustomCurve:
    serializedVersion: 2
    m_Curve:
    - time: 0
      value: 0
      inSlope: 0
      outSlope: 0
      tangentMode: 0
    m_PreInfinity: 2
    m_PostInfinity: 2
    m_RotationOrder: 4
  reverbZoneMixCustomCurve:
    serializedVersion: 2
    m_Curve:
    - time: 0
      value: 1
      inSlope: 0
      outSlope: 0
      tangentMode: 0
    m_PreInfinity: 2
    m_PostInfinity: 2
    m_RotationOrder: 0
--- !u!54 &1925606876
Rigidbody:
  m_ObjectHideFlags: 0
  m_PrefabParentObject: {fileID: 5400000, guid: 5e9e851c0e142814dac026a256ba2ac0,
    type: 2}
  m_PrefabInternal: {fileID: 0}
  m_GameObject: {fileID: 1925606873}
  serializedVersion: 2
  m_Mass: 1
  m_Drag: 0
  m_AngularDrag: 0.05
  m_UseGravity: 1
  m_IsKinematic: 1
  m_Interpolate: 0
  m_Constraints: 0
  m_CollisionDetection: 0
--- !u!114 &1925606877
MonoBehaviour:
  m_ObjectHideFlags: 0
  m_PrefabParentObject: {fileID: 11400000, guid: 5e9e851c0e142814dac026a256ba2ac0,
    type: 2}
  m_PrefabInternal: {fileID: 0}
  m_GameObject: {fileID: 1925606873}
  m_Enabled: 1
  m_EditorHideFlags: 0
  m_Script: {fileID: 11500000, guid: 05ec5cf00ca181d45a42ba1870e148c3, type: 3}
  m_Name: 
  m_EditorClassIdentifier: 
  m_IsWalking: 1
  m_WalkSpeed: 1
  m_RunSpeed: 5
  m_RunstepLenghten: 0.7
  m_JumpSpeed: 10
  m_StickToGroundForce: 10
  m_GravityMultiplier: 2
  m_MouseLook:
    XSensitivity: 0
    YSensitivity: 0
    clampVerticalRotation: 1
    MinimumX: 0
    MaximumX: 0
    smooth: 0
    smoothTime: 0
    lockCursor: 1
  m_UseFovKick: 0
  m_FovKick:
    Camera: {fileID: 0}
    originalFov: 0
    FOVIncrease: 3
    TimeToIncrease: 1
    TimeToDecrease: 1
    IncreaseCurve:
      serializedVersion: 2
      m_Curve:
      - time: 0
        value: 0
        inSlope: 0
        outSlope: 0
        tangentMode: 0
      - time: 1
        value: 1
        inSlope: 2
        outSlope: 2
        tangentMode: 0
      m_PreInfinity: 2
      m_PostInfinity: 2
      m_RotationOrder: 4
  m_UseHeadBob: 0
  m_HeadBob:
    HorizontalBobRange: 0.1
    VerticalBobRange: 0.1
    Bobcurve:
      serializedVersion: 2
      m_Curve:
      - time: 0
        value: 0
        inSlope: 0
        outSlope: 0
        tangentMode: 0
      - time: 0.5
        value: 1
        inSlope: 0
        outSlope: 0
        tangentMode: 0
      - time: 1
        value: 0
        inSlope: 0
        outSlope: 0
        tangentMode: 0
      - time: 1.5
        value: -1
        inSlope: 0
        outSlope: 0
        tangentMode: 0
      - time: 2
        value: 0
        inSlope: 0
        outSlope: 0
        tangentMode: 0
      m_PreInfinity: 2
      m_PostInfinity: 2
      m_RotationOrder: 4
    VerticaltoHorizontalRatio: 2
  m_JumpBob:
    BobDuration: 0.2
    BobAmount: 0.1
  m_StepInterval: 5
  m_FootstepSounds:
  - {fileID: 8300000, guid: 42e65e088b3f4374e851b8dbd38f3df9, type: 3}
  - {fileID: 8300000, guid: 8bc94ec6ed537e743b481638bdcd503d, type: 3}
  m_JumpSound: {fileID: 8300000, guid: 5897aeed9b676024fbb8c694b421a861, type: 3}
  m_LandSound: {fileID: 8300000, guid: 3b09d59f4499d45428baa7a21e954296, type: 3}
--- !u!143 &1925606878
CharacterController:
  m_ObjectHideFlags: 0
  m_PrefabParentObject: {fileID: 14300000, guid: 5e9e851c0e142814dac026a256ba2ac0,
    type: 2}
  m_PrefabInternal: {fileID: 0}
  m_GameObject: {fileID: 1925606873}
  m_Material: {fileID: 0}
  m_IsTrigger: 0
  m_Enabled: 1
  serializedVersion: 2
  m_Height: 1.8
  m_Radius: 0.5
  m_SlopeLimit: 45
  m_StepOffset: 0.3
  m_SkinWidth: 0.08
  m_MinMoveDistance: 0
  m_Center: {x: 0, y: 0, z: 0}
--- !u!1001 &1951033956
Prefab:
  m_ObjectHideFlags: 0
  serializedVersion: 2
  m_Modification:
    m_TransformParent: {fileID: 0}
    m_Modifications:
    - target: {fileID: 413106, guid: 147a0ee7cc2314633a42ba43dde568c8, type: 2}
      propertyPath: m_LocalPosition.x
      value: 0
      objectReference: {fileID: 0}
    - target: {fileID: 413106, guid: 147a0ee7cc2314633a42ba43dde568c8, type: 2}
      propertyPath: m_LocalPosition.y
      value: 1.46
      objectReference: {fileID: 0}
    - target: {fileID: 413106, guid: 147a0ee7cc2314633a42ba43dde568c8, type: 2}
      propertyPath: m_LocalPosition.z
      value: 0
      objectReference: {fileID: 0}
    - target: {fileID: 413106, guid: 147a0ee7cc2314633a42ba43dde568c8, type: 2}
      propertyPath: m_LocalRotation.x
      value: 0
      objectReference: {fileID: 0}
    - target: {fileID: 413106, guid: 147a0ee7cc2314633a42ba43dde568c8, type: 2}
      propertyPath: m_LocalRotation.y
      value: 0
      objectReference: {fileID: 0}
    - target: {fileID: 413106, guid: 147a0ee7cc2314633a42ba43dde568c8, type: 2}
      propertyPath: m_LocalRotation.z
      value: 0
      objectReference: {fileID: 0}
    - target: {fileID: 413106, guid: 147a0ee7cc2314633a42ba43dde568c8, type: 2}
      propertyPath: m_LocalRotation.w
      value: 1
      objectReference: {fileID: 0}
    - target: {fileID: 413106, guid: 147a0ee7cc2314633a42ba43dde568c8, type: 2}
      propertyPath: m_RootOrder
      value: 3
      objectReference: {fileID: 0}
    m_RemovedComponents: []
  m_ParentPrefab: {fileID: 100100000, guid: 147a0ee7cc2314633a42ba43dde568c8, type: 2}
  m_IsPrefabParent: 0
--- !u!1 &2116891821
GameObject:
  m_ObjectHideFlags: 0
  m_PrefabParentObject: {fileID: 100006, guid: b8b03d395f5734e98af91ccf44f9bf47, type: 2}
  m_PrefabInternal: {fileID: 0}
  serializedVersion: 4
  m_Component:
  - 4: {fileID: 2116891822}
  - 20: {fileID: 2116891828}
  - 124: {fileID: 2116891827}
  - 92: {fileID: 2116891826}
  - 81: {fileID: 2116891825}
  - 114: {fileID: 2116891824}
  - 114: {fileID: 2116891823}
  - 45: {fileID: 2116891829}
  m_Layer: 0
  m_Name: Main Camera
  m_TagString: MainCamera
  m_Icon: {fileID: 0}
  m_NavMeshLayer: 0
  m_StaticEditorFlags: 0
  m_IsActive: 1
--- !u!4 &2116891822
Transform:
  m_ObjectHideFlags: 0
  m_PrefabParentObject: {fileID: 400006, guid: b8b03d395f5734e98af91ccf44f9bf47, type: 2}
  m_PrefabInternal: {fileID: 0}
  m_GameObject: {fileID: 2116891821}
  m_LocalRotation: {x: 0, y: 0, z: 0, w: 1}
  m_LocalPosition: {x: 0, y: 0.5, z: 0}
  m_LocalScale: {x: 1, y: 1, z: 1}
  m_LocalEulerAnglesHint: {x: 0, y: 0, z: 0}
  m_Children:
  - {fileID: 57160504}
  - {fileID: 1857594255}
  m_Father: {fileID: 1870199247}
  m_RootOrder: 0
--- !u!114 &2116891823
MonoBehaviour:
  m_ObjectHideFlags: 0
  m_PrefabParentObject: {fileID: 11400000, guid: b8b03d395f5734e98af91ccf44f9bf47,
    type: 2}
  m_PrefabInternal: {fileID: 0}
  m_GameObject: {fileID: 2116891821}
  m_Enabled: 1
  m_EditorHideFlags: 0
  m_Script: {fileID: 11500000, guid: b1156c073149742478887bb24456f32d, type: 3}
  m_Name: 
  m_EditorClassIdentifier: 
  globalGainDb: 0
  worldScale: 1
  occlusionMask:
    serializedVersion: 2
    m_Bits: 4294967295
  quality: 2
--- !u!114 &2116891824
MonoBehaviour:
  m_ObjectHideFlags: 0
  m_PrefabParentObject: {fileID: 11400006, guid: b8b03d395f5734e98af91ccf44f9bf47,
    type: 2}
  m_PrefabInternal: {fileID: 0}
  m_GameObject: {fileID: 2116891821}
  m_Enabled: 1
  m_EditorHideFlags: 0
  m_Script: {fileID: 11500000, guid: b6788e8e1b3f7447db6657ef0959d3ce, type: 3}
  m_Name: 
  m_EditorClassIdentifier: 
  directRender: 1
  keepStereoUpdated: 1
  stereoMultiplier: 1
  matchMonoFOV: 0
  matchByZoom: 0
  centerOfInterest: {fileID: 0}
  radiusOfInterest: 0
  checkStereoComfort: 1
  stereoAdjustSmoothing: 0.1
  screenParallax: 0
  stereoPaddingX: 0
  stereoPaddingY: 0
--- !u!81 &2116891825
AudioListener:
  m_ObjectHideFlags: 0
  m_PrefabParentObject: {fileID: 8100000, guid: b8b03d395f5734e98af91ccf44f9bf47,
    type: 2}
  m_PrefabInternal: {fileID: 0}
  m_GameObject: {fileID: 2116891821}
  m_Enabled: 1
--- !u!92 &2116891826
Behaviour:
  m_ObjectHideFlags: 0
  m_PrefabParentObject: {fileID: 9200004, guid: b8b03d395f5734e98af91ccf44f9bf47,
    type: 2}
  m_PrefabInternal: {fileID: 0}
  m_GameObject: {fileID: 2116891821}
  m_Enabled: 1
--- !u!124 &2116891827
Behaviour:
  m_ObjectHideFlags: 0
  m_PrefabParentObject: {fileID: 12400004, guid: b8b03d395f5734e98af91ccf44f9bf47,
    type: 2}
  m_PrefabInternal: {fileID: 0}
  m_GameObject: {fileID: 2116891821}
  m_Enabled: 1
--- !u!20 &2116891828
Camera:
  m_ObjectHideFlags: 0
  m_PrefabParentObject: {fileID: 2000004, guid: b8b03d395f5734e98af91ccf44f9bf47,
    type: 2}
  m_PrefabInternal: {fileID: 0}
  m_GameObject: {fileID: 2116891821}
  m_Enabled: 1
  serializedVersion: 2
  m_ClearFlags: 1
  m_BackGroundColor: {r: 0.19215687, g: 0.3019608, b: 0.4745098, a: 1}
  m_NormalizedViewPortRect:
    serializedVersion: 2
    x: 0
    y: 0
    width: 1
    height: 1
  near clip plane: 0.3
  far clip plane: 1000
  field of view: 60
  orthographic: 0
  orthographic size: 5
  m_Depth: 0
  m_CullingMask:
    serializedVersion: 2
    m_Bits: 4294967295
  m_RenderingPath: -1
  m_TargetTexture: {fileID: 0}
  m_TargetDisplay: 0
  m_TargetEye: 3
  m_HDR: 0
  m_OcclusionCulling: 1
  m_StereoConvergence: 10
  m_StereoSeparation: 0.022
  m_StereoMirrorMode: 0
--- !u!45 &2116891829
Skybox:
  m_ObjectHideFlags: 0
  m_PrefabParentObject: {fileID: 0}
  m_PrefabInternal: {fileID: 0}
  m_GameObject: {fileID: 2116891821}
  m_Enabled: 0
  m_CustomSkybox: {fileID: 0}
